<?xml version="1.0" encoding="UTF-8"?><record xmlns="http://www.loc.gov/MARC21/slim" xmlns:cinclude="http://apache.org/cocoon/include/1.0" xmlns:zs="http://www.loc.gov/zing/srw/">
  <leader>00586cz  a2200169n  4500</leader>
  <controlfield tag="001">nr 90018538 </controlfield>
  <controlfield tag="003">DLC</controlfield>
  <controlfield tag="005">20081207082410.0</controlfield>
  <controlfield tag="008">900921n| acannaab|          |n aaa     c</controlfield>
  <datafield tag="010" ind1=" " ind2=" ">
    <subfield code="a">nr 90018538 </subfield>
    <subfield code="z">n  90701749 </subfield>
  </datafield>
  <datafield tag="035" ind1=" " ind2=" ">
    <subfield code="a">(Uk)005315749</subfield>
  </datafield>
  <datafield tag="040" ind1=" " ind2=" ">
    <subfield code="a">NjP</subfield>
    <subfield code="c">NjP</subfield>
    <subfield code="d">DLC</subfield>
  </datafield>
  <datafield tag="100" ind1="1" ind2=" ">
    <subfield code="a">Brown, Colin,</subfield>
    <subfield code="d">1953-</subfield>
  </datafield>
  <datafield tag="670" ind1=" " ind2=" ">
    <subfield code="a">His Illicit drug use in Portsmouth and Havant, 1988:</subfield>
    <subfield code="b">t.p. (Colin Brown)</subfield>
  </datafield>
  <datafield tag="670" ind1=" " ind2=" ">
    <subfield code="a">RLIN UKBPGB8753010-B</subfield>
    <subfield code="b">(Brown, Colin, 1953-)</subfield>
  </datafield>
  <datafield tag="670" ind1=" " ind2=" ">
    <subfield code="a">Black and white Britain, 1984:</subfield>
    <subfield code="b">t.p. (Colin Brown)</subfield>
  </datafield>
  <datafield tag="670" ind1=" " ind2=" ">
    <subfield code="a">BL AL recd. 20 Oct. 1988</subfield>
    <subfield code="b">(Colin Douglas Brown, born 3 May 1953)</subfield>
  </datafield>
</record>